\begin{thebibliography}{10}

\bibitem{schuster_client/server_1994}
H.~Schuster, S.~Jablonski, T.~Kirsche, and C.~Bussler, ``A client/server
  architecture for distributed workflow management systems,'' in {\em Parallel
  and {Distributed} {Information} {Systems}, 1994., {Proceedings} of the
  {Third} {International} {Conference} on}, pp.~253--256, IEEE, 1994.

\bibitem{_badan_????}
``Badan {Pusat} {Statistik} - {Tentang} {BPS}.''

\bibitem{_gsbpm_????}
{\em {GSBPM} v5.0 - {Generic} {Statistical} {Business} {Process} {Model} -
  {UNECE} {Statistics} {Wikis}}.

\bibitem{wright_researching_2005}
K.~B. Wright, ``Researching {Internet}-{Based} {Populations}: {Advantages} and
  {Disadvantages} of {Online} {Survey} {Research}, {Online} {Questionnaire}
  {Authoring} {Software} {Packages}, and {Web} {Survey} {Services},'' {\em
  Journal of Computer-Mediated Communication}, vol.~10, pp.~00--00, Apr. 2005.

\bibitem{_redesigning_????}
{\em Redesigning a {Questionnaire} for {Computer} {Assisted} {Data} {Collect} -
  cp940020.pdf}.

\bibitem{klein_bias_1996}
G.~Klein and M.~G. Sobol, ``Bias in computer-assisted surveys,'' {\em IEEE
  Transactions on Systems, Man, and Cybernetics - Part A: Systems and Humans},
  vol.~26, pp.~566--571, Sept. 1996.

\bibitem{tergujeff_mobile_2007}
R.~Tergujeff, J.~Haajanen, J.~Leppanen, and S.~Toivonen, ``Mobile {SOA}:
  {Service} {Orientation} on {Lightweight} {Mobile} {Devices},'' in {\em {IEEE}
  {International} {Conference} on {Web} {Services}, 2007. {ICWS} 2007},
  pp.~1224--1225, July 2007.

\bibitem{gutwin_gone_2010}
C.~Gutwin, T.~N. Graham, C.~Wolfe, N.~Wong, and B.~de~Alwis, ``Gone but {Not}
  {Forgotten}: {Designing} for {Disconnection} in {Synchronous} {Groupware},''
  in {\em Proceedings of the 2010 {ACM} {Conference} on {Computer} {Supported}
  {Cooperative} {Work}}, {CSCW} '10, (New York, NY, USA), pp.~179--188, ACM,
  2010.

\bibitem{zhang_interference-based_2015}
X.~M. Zhang, Y.~Zhang, F.~Yan, and A.~V. Vasilakos, ``Interference-based
  topology control algorithm for delay-constrained mobile ad hoc networks,''
  {\em IEEE Transactions on Mobile Computing}, vol.~14, no.~4, pp.~742--754,
  2015.

\bibitem{mcgrattan_numerical_2006}
K.~McGrattan and A.~Hamins, ``Numerical simulation of the {Howard} street
  tunnel fire,'' {\em Fire technology}, vol.~42, no.~4, pp.~273--281, 2006.

\bibitem{zmijewski_mediterranean_2008}
E.~Zmijewski, ``Mediterranean cable break,'' {\em Renesys Blog, January}, 2008.

\bibitem{hunter_pakistan_2008}
P.~Hunter, ``Pakistan {YouTube} block exposes fundamental internet security
  weakness: {Concern} that pakistani action affected youtube access elsewhere
  in world,'' {\em Computer Fraud \& Security}, vol.~2008, no.~4, pp.~10--11,
  2008.

\bibitem{partridge_internet_2003}
C.~Partridge, P.~Barford, D.~Clark, S.~Donelan, V.~Paxson, J.~Rexford, and
  M.~K. Vernon, {\em The {Internet} under crisis conditions: learning from
  {September} 11}.
\newblock National Academy Press, Washington, DC, 2003.

\bibitem{foster_jr_report_2004}
J.~S. Foster~Jr, E.~Gjelde, W.~R. Graham, R.~J. Hermann, H.~M. Kluepfel, R.~L.
  Lawson, G.~K. Soper, L.~L. Wood~Jr, and J.~B. Woodard, ``Report of the
  {Commission} to {Assess} the {Threat} to the {United} {States} from
  {Electromagnetic} {Pulse} ({EMP}) {Attack}. {Volume} 1: {Executive}
  {Report},'' tech. rep., DTIC Document, 2004.

\bibitem{dainotti_analysis_2011}
A.~Dainotti, C.~Squarcella, E.~Aben, K.~C. Claffy, M.~Chiesa, M.~Russo, and
  A.~Pescapé, ``Analysis of country-wide internet outages caused by
  censorship,'' in {\em Proceedings of the 2011 {ACM} {SIGCOMM} conference on
  {Internet} measurement conference}, pp.~1--18, ACM, 2011.

\bibitem{derenzi_reliable_2007}
B.~DeRenzi, Y.~Anokwa, T.~Parikh, and G.~Borriello, ``Reliable {Data}
  {Collection} in {Highly} {Disconnected} {Environments} {Using} {Mobile}
  {Phones},'' in {\em Proceedings of the 2007 {Workshop} on {Networked}
  {Systems} for {Developing} {Regions}}, {NSDR} '07, (New York, NY, USA),
  pp.~4:1--4:5, ACM, 2007.

\bibitem{parikh_designing_2006}
T.~S. Parikh and E.~D. Lazowska, ``Designing an {Architecture} for {Delivering}
  {Mobile} {Information} {Services} to the {Rural} {Developing} {World},'' in
  {\em Proceedings of the 15th {International} {Conference} on {World} {Wide}
  {Web}}, {WWW} '06, (New York, NY, USA), pp.~791--800, ACM, 2006.

\bibitem{takdir_multi-layer_2014}
{Takdir} and A.~I. Kistijantoro, ``Multi-layer {SOA} implementation pattern
  with service and data proxies for distributed data-intensive application
  system,'' in {\em 2014 {International} {Conference} on {ICT} {For} {Smart}
  {Society} ({ICISS})}, pp.~37--41, Sept. 2014.

\bibitem{_gsim_????}
{\em {GSIM} {Specification} - {Generic} {Statistical} {Information} {Model} -
  {UNECE} {Statistics} {Wikis}}.

\bibitem{_cspa_????}
{\em {CSPA} v1.5 - {Common} {Statistical} {Production} {Architecture} - {UNECE}
  {Statistics} {Wikis}}.

\bibitem{_primer_????}
{\em A primer on distributed computing.}

\bibitem{andrews_foundations_1999}
G.~R. Andrews, {\em Foundations of {Multithreaded}, {Parallel}, and
  {Distributed}}.
\newblock Addison Wesley, Oct. 1999.

\bibitem{baker_grids_2002}
M.~Baker, R.~Buyya, and D.~Laforenza, ``Grids and {Grid} technologies for
  wide-area distributed computing,'' {\em Software: Practice and Experience},
  vol.~32, pp.~1437--1466, Dec. 2002.

\bibitem{sathyan_job_2009}
J.~Sathyan and M.~Rijas, ``Job {Management} in {Mobile} {Grid} {Computing},''
  in {\em Proceedings of the 7th {International} {Conference} on {Advances} in
  {Mobile} {Computing} and {Multimedia}}, {MoMM} '09, (New York, NY, USA),
  pp.~422--426, ACM, 2009.

\bibitem{zottl_three-tier_2008}
J.~Zottl, G.~Haring, and G.~Kotsis, ``A {Three}-tier {Information} {Management}
  {Architecture} for {Mobile} {Grid} {Environments},'' in {\em Proceedings of
  the 6th {International} {Conference} on {Advances} in {Mobile} {Computing}
  and {Multimedia}}, {MoMM} '08, (New York, NY, USA), pp.~243--247, ACM, 2008.

\bibitem{weatherspoon_erasure_2002}
H.~Weatherspoon and J.~Kubiatowicz, ``Erasure {Coding} {Vs}. {Replication}: {A}
  {Quantitative} {Comparison},'' in {\em Revised {Papers} from the {First}
  {International} {Workshop} on {Peer}-to-{Peer} {Systems}}, {IPTPS} '01,
  (London, UK, UK), pp.~328--338, Springer-Verlag, 2002.

\bibitem{lv_search_2002}
Q.~Lv, P.~Cao, E.~Cohen, K.~Li, and S.~Shenker, ``Search and {Replication} in
  {Unstructured} {Peer}-to-peer {Networks},'' in {\em Proceedings of the 16th
  {International} {Conference} on {Supercomputing}}, {ICS} '02, (New York, NY,
  USA), pp.~84--95, ACM, 2002.

\bibitem{ho_connectionless_2004}
Y.~H. Ho, A.~H. Ho, K.~A. Hua, and G.~L. Hamza-Lup, ``A connectionless approach
  to mobile ad hoc networks,'' in {\em Ninth {International} {Symposium} on
  {Computers} and {Communications}, 2004. {Proceedings}. {ISCC} 2004}, vol.~1,
  pp.~188--195 Vol.1, June 2004.

\bibitem{imran_proxy-based_2007}
N.~Imran, I.~Rao, Y.-K. Lee, and S.~Lee, ``A {Proxy}-based {Uncoordinated}
  {Checkpointing} {Scheme} with {Pessimistic} {Message} {Logging} for {Mobile}
  {Grid} {Systems},'' in {\em Proceedings of the 16th {International}
  {Symposium} on {High} {Performance} {Distributed} {Computing}}, {HPDC} '07,
  (New York, NY, USA), pp.~237--238, ACM, 2007.

\bibitem{peffers_design_2007}
K.~Peffers, T.~Tuunanen, M.~A. Rothenberger, and S.~Chatterjee, ``A {Design}
  {Science} {Research} {Methodology} for {Information} {Systems} {Research},''
  {\em Journal of Management Information Systems}, vol.~24, no.~3, pp.~45--77,
  2007.

\bibitem{purao_design_2002}
S.~Purao, ``Design research in the technology of information systems: {Truth}
  or dare,'' {\em GSU Department of CIS Working Paper}, pp.~45--77, 2002.

\bibitem{li_collaborative_2005}
W.~D. Li, W.~F. Lu, J.~Y.~H. Fuh, and Y.~S. Wong, ``Collaborative
  computer-aided design—research and development status,'' {\em
  Computer-Aided Design}, vol.~37, pp.~931--940, Aug. 2005.

\bibitem{bertocco_client-server_1998}
M.~Bertocco, F.~Ferraris, C.~Offelli, and M.~Parvis, ``A client-server
  architecture for distributed measurement systems,'' {\em IEEE transactions on
  instrumentation and measurement}, vol.~47, no.~5, pp.~1143--1148, 1998.

\bibitem{callaghan_clientserver_2007}
M.~J. Callaghan, J.~Harkin, E.~McColgan, T.~M. McGinnity, and L.~P. Maguire,
  ``Client–server architecture for collaborative remote experimentation,''
  {\em Journal of Network and Computer Applications}, vol.~30, no.~4,
  pp.~1295--1308, 2007.

\end{thebibliography}
