A Primer on Distributed Computing. 2016. Accessed March 16. http://www.bacchae.co.uk/docs/dist.html.
Abrams, Marc, Charles R. Standridge, Ghaleb Abdulla, Stephen Williams, and Edward A. Fox. 1995. “Caching Proxies: Limitations and Potentials.” http://eprints.cs.vt.edu/archive/00000427/.
Ammari, Habib M. 2013. “Joint K-Coverage and Data Gathering in Sparsely Deployed Sensor Networks – Impact of Purposeful Mobility and Heterogeneity.” ACM Trans. Sen. Netw. 10 (1): 8:1–8:33. doi:10.1145/2529978.
Andrews, Gregory R. 1999. Foundations of Multithreaded, Parallel, and Distributed. Addison Wesley.
“Architecture – OSGi™ Alliance.” 2016. Accessed May 15. https://www.osgi.org/developer/architecture/.
Arlitt, Martin F., and Carey L. Williamson. 1997. “Trace-Driven Simulation of Document Caching Strategies for Internet Web Servers.” Simulation 68 (1): 23–33.
Aung, C. Ye, P. H. J. Chong, Zhao Xinxing, A. Chua Yong Pheng, Ng Tiah Khoon, See Xinyou, and Kok Siong Lai. 2013. “Hybrid Routing in Lossy Link Mobile Ad Hoc Networks.” In Communications and Signal Processing (ICICS) 2013 9th International Conference on Information, 1–6. doi:10.1109/ICICS.2013.6782952.
Aziz, Benjamin, and Christian Jensen. 2000. “Adaptability in Corba: The Mobile Proxy Approach.” In Distributed Objects and Applications, 2000. Proceedings. DOA’00. International Symposium on, 295–304. IEEE. http://ieeexplore.ieee.org/xpls/abs_all.jsp?arnumber=874201.
Baker, Mark, Rajkumar Buyya, and Domenico Laforenza. 2002. “Grids and Grid Technologies for Wide-Area Distributed Computing.” Software: Practice and Experience 32 (15): 1437–1466. doi:10.1002/spe.488.
Barrett, R., and P. P. Maglio. 1999. “Intermediaries: An Approach to Manipulating Information Streams.” IBM Systems Journal 38 (4): 629–41. doi:10.1147/sj.384.0629.
Bestavros, Azer, Robert L. Carter, Mark E. Crovella, Carlos R. Cunha, Abdelsalam Heddaya, and Sulaiman A. Mirdad. 1995. “Application-Level Document Caching in the Internet.” In Services in Distributed and Networked Environments, 1995., Second International Workshop on, 166–173. IEEE. http://ieeexplore.ieee.org/xpls/abs_all.jsp?arnumber=470449.
Biegel, G., V. Cahill, and M. Haahr. 2002. “A Dynamic Proxy Based Architecture to Support Distributed Java Objects in a Mobile Environment.” In On the Move to Meaningful Internet Systems 2002: CoopIS, DOA, and ODBASE, edited by Robert Meersman and Zahir Tari, 809–26. Lecture Notes in Computer Science 2519. Springer Berlin Heidelberg. http://link.springer.com/chapter/10.1007/3-540-36124-3_54.
Biegel, Gregory, Vinny Cahill, and Mads Haahr. 2002. “A Dynamic Proxy Based Architecture to Support Distributed Java Objects in a Mobile Environment.” In OTM Confederated International Conferences“ On the Move to Meaningful Internet Systems,” 809–826. Springer. http://link.springer.com/chapter/10.1007/3-540-36124-3_54.
Bohez, Steven, Elias De Coninck, Tim Verbelen, and Bart Dhoedt. 2015. “Androsgi: Bringing the Power of OSGi to Android.” In Proceedings of the on Eclipse Technology eXchange, 1–6. ETX 2015. New York, NY, USA: ACM. doi:10.1145/2846650.2846652.
Brewer, E. A., R. H. Katz, Y. Chawathe, S. D. Gribble, T. Hodes, Giao Nguyen, M. Stemm, et al. 1998. “A Network Architecture for Heterogeneous Mobile Computing.” IEEE Personal Communications 5 (5): 8–24. doi:10.1109/98.729719.
Brown, Alan, Simon Johnston, and Kevin Kelly. 2002. “Using Service-Oriented Architecture and Component-Based Development to Build Web Service Applications.” Rational Software Corporation 6. http://dit.isuct.ru/Publish_RUP/soa.rup_soma/guidances/whitepapers/resources/using_soa_and_cbd_to_build_ws_applications.pdf.
Busari, Mudashiru, and Carey Williamson. 2001. “On the Sensitivity of Web Proxy Cache Performance to Workload Characteristics.” In INFOCOM 2001. Twentieth Annual Joint Conference of the IEEE Computer and Communications Societies. Proceedings. IEEE, 3:1225–1234. IEEE. http://ieeexplore.ieee.org/xpls/abs_all.jsp?arnumber=916617.
Cao, Pei, and Sandy Irani. 1997. “Cost-Aware WWW Proxy Caching Algorithms.” In Usenix Symposium on Internet Technologies and Systems, 12:193–206. http://static.usenix.org/publications/library/proceedings/usits97/full_papers/cao/cao.pdf.
Chen, Songqing, Bo Shen, S. Wee, and Xiaodong Zhang. 2004. “Designs of High Quality Streaming Proxy Systems.” In INFOCOM 2004. Twenty-Third AnnualJoint Conference of the IEEE Computer and Communications Societies, 3:1512–21 vol.3. doi:10.1109/INFCOM.2004.1354565.
Chen, Wen-Tsuen, and Li-Chi Huang. 2000. “RSVP Mobility Support: A Signaling Protocol for Integrated Services Internet with Mobile Hosts.” In INFOCOM 2000. Nineteenth Annual Joint Conference of the IEEE Computer and Communications Societies. Proceedings. IEEE, 3:1283–1292. IEEE. http://ieeexplore.ieee.org/xpls/abs_all.jsp?arnumber=832519.
Cobârzan, Claudiu. 2005. “Dynamic Proxy-Cache Multiplication Inside LANs.” In Euro-Par 2005 Parallel Processing, edited by José C. Cunha and Pedro D. Medeiros, 890–900. Lecture Notes in Computer Science 3648. Springer Berlin Heidelberg. http://link.springer.com/chapter/10.1007/11549468_97.
Conn, Samuel S. 2005. “OLTP and OLAP Data Integration: A Review of Feasible Implementation Methods and Architectures for Real Time Data Analysis.” In Proceedings. IEEE SoutheastCon, 2005., 515–520. IEEE. http://ieeexplore.ieee.org/xpls/abs_all.jsp?arnumber=1423297.
CSPA v1.5 - Common Statistical Production Architecture - UNECE Statistics Wikis. 2016. Accessed March 15. http://www1.unece.org/stat/platform/display/CSPA/CSPA+v1.5.
Datta, Anindya, Kaushik Dutta, Helen Thomas, Debra VanderMeer, Suresha, and Krithi Ramamritham. 2002. “Proxy-Based Acceleration of Dynamically Generated Content on the World Wide Web: An Approach and Implementation.” In Proceedings of the 2002 ACM SIGMOD International Conference on Management of Data, 97–108. SIGMOD ’02. New York, NY, USA: ACM. doi:10.1145/564691.564703.
David, Taniar. 2007. Encyclopedia of Mobile Computing and Commerce. IGI Global.
Davison, Brian D. 1999. “A Survey of Proxy Cache Evaluation Techniques.” In Proceedings of the Fourth International Web Caching Workshop (WCW99), 67–77. Citeseer. http://citeseerx.ist.psu.edu/viewdoc/download?doi=10.1.1.41.8087&rep=rep1&type=pdf.
DeRenzi, Brian, Yaw Anokwa, Tapan Parikh, and Gaetano Borriello. 2007. “Reliable Data Collection in Highly Disconnected Environments Using Mobile Phones.” In Proceedings of the 2007 Workshop on Networked Systems for Developing Regions, 4:1–4:5. NSDR ’07. New York, NY, USA: ACM. doi:10.1145/1326571.1326577.
Eriksson, Brian, Ramakrishnan Durairajan, and Paul Barford. 2013. “Riskroute: A Framework for Mitigating Network Outage Threats.” In Proceedings of the Ninth ACM Conference on Emerging Networking Experiments and Technologies, 405–416. ACM. http://dl.acm.org/citation.cfm?id=2535385.
“Fusion Middleware Understanding Oracle WebLogic Server.” 2016. Accessed June 12. https://docs.oracle.com/cd/E24329_01/web.1211/e24446/ejbs.htm#INTRO255.
Gamma, Erich. 1995. Design Patterns: Elements of Reusable Object-Oriented Software. Pearson Education India.
Gani, Hendrik, and Caspar Ryan. 2009. “Improving the Transparency of Proxy Injection in Java.” In Proceedings of the Thirty-Second Australasian Conference on Computer Science - Volume 91, 55–64. ACSC ’09. Darlinghurst, Australia, Australia: Australian Computer Society, Inc. http://dl.acm.org/citation.cfm?id=1862659.1862669.
Geerts, Guido L. 2011. “A Design Science Research Methodology and Its Application to Accounting Information Systems Research.” International Journal of Accounting Information Systems, Special Issue on Methodologies in AIS Research, 12 (2): 142–151. doi:10.1016/j.accinf.2011.02.004.
González, Antonio, Carlos Aliagas, and Mateo Valero. 1995. “A Data Cache with Multiple Caching Strategies Tuned to Different Types of Locality.” In Proceedings of the 9th International Conference on Supercomputing, 338–347. ICS ’95. New York, NY, USA: ACM. doi:10.1145/224538.224622.
GSBPM v5.0 - Generic Statistical Business Process Model - UNECE Statistics Wikis. 2016. Accessed March 8. http://www1.unece.org/stat/platform/display/GSBPM/GSBPM+v5.0.
GSIM Specification - Generic Statistical Information Model - UNECE Statistics Wikis. 2016. Accessed March 15. http://www1.unece.org/stat/platform/display/gsim/GSIM+Specification.
Gulati, Ajay, Manoj Naik, and Renu Tewari. 2007. “Nache: Design and Implementation of a Caching Proxy for NFSv4.” In FAST, 7:27–27. https://www.usenix.org/legacy/event/fast07/tech/full_papers/gulati/gulati_html/.
Gutwin, Carl, T.C. Nicholas Graham, Chris Wolfe, Nelson Wong, and Brian de Alwis. 2010. “Gone but Not Forgotten: Designing for Disconnection in Synchronous Groupware.” In Proceedings of the 2010 ACM Conference on Computer Supported Cooperative Work, 179–188. CSCW ’10. New York, NY, USA: ACM. doi:10.1145/1718918.1718951.
Guy, Richard G., John S. Heidemann, Wai-Kei Mak, Thomas W. Page Jr, Gerald J. Popek, Dieter Rothmeier, and others. 1990. “Implementation of the Ficus Replicated File System.” In USENIX Summer, 63–72.
Hill, Frederick J., and Gerald R. Peterson. 1978. Digital Systems: Hardware Organization and Design. John Wiley & Sons, Inc. http://dl.acm.org/citation.cfm?id=578598.
“Hjp: Doc: RFC 5213: Proxy Mobile IPv6.” 2016. Accessed May 8. http://www.hjp.at/doc/rfc/rfc5213.html.
Ho, Y. H., A. H. Ho, K. A. Hua, and G. L. Hamza-Lup. 2004. “A Connectionless Approach to Mobile Ad Hoc Networks.” In Ninth International Symposium on Computers and Communications, 2004. Proceedings. ISCC 2004, 1:188–195 Vol.1. doi:10.1109/ISCC.2004.1358403.
Holder, Ophir, Israel Ben-Shaul, and Hovav Gazit. 1999. “System Support for Dynamic Layout of Distributed Applications.” In Distributed Computing Systems, 1999. Proceedings. 19th IEEE International Conference on, 403–411. IEEE. http://ieeexplore.ieee.org/xpls/abs_all.jsp?arnumber=776542.
Hui, W., Y. Fukushima, and T. Yokohira. 2014. “Throughput Improvement of TCP Proxies in Network Environment with Wireless LANs.” In 2014 IEEE Region 10 Symposium, 82–87. doi:10.1109/TENCONSpring.2014.6863002.
Imran, Nomica, Imran Rao, Young-Koo Lee, and Sungyoung Lee. 2007. “A Proxy-Based Uncoordinated Checkpointing Scheme with Pessimistic Message Logging for Mobile Grid Systems.” In Proceedings of the 16th International Symposium on High Performance Distributed Computing, 237–238. HPDC ’07. New York, NY, USA: ACM. doi:10.1145/1272366.1272408.
Jimeno, M., K. Christensen, and B. Nordman. 2008. “A Network Connection Proxy to Enable Hosts to Sleep and Save Energy.” In 2008 IEEE International Performance, Computing and Communications Conference, 101–10. doi:10.1109/PCCC.2008.4745133.
Jing, Jin, Abdelsalam Sumi Helal, and Ahmed Elmagarmid. 1999. “Client-Server Computing in Mobile Environments.” ACM Computing Surveys (CSUR) 31 (2): 117–157.
Kalnis, Panos, and Dimitris Papadias. 2001. “Proxy-Server Architectures for OLAP.” In ACM SIGMOD Record, 30:367–378. ACM. http://dl.acm.org/citation.cfm?id=375712.
Khan, R., R. Bolla, M. Repetto, R. Bruschi, and M. Giribaldi. 2012. “Smart Proxying for Reducing Network Energy Consumption.” In 2012 International Symposium on Performance Evaluation of Computer and Telecommunication Systems (SPECTS), 1–8.
Khare, Rohit, and Richard N. Taylor. 2004. “Extending the Representational State Transfer (Rest) Architectural Style for Decentralized Systems.” In Proceedings of the 26th International Conference on Software Engineering, 428–437. IEEE Computer Society. http://dl.acm.org/citation.cfm?id=999447.
Kistler, James J., and Mahadev Satyanarayanan. 1991. Disconnected Operation in the Coda File System. Vol. 25. 5. ACM. http://dl.acm.org/citation.cfm?id=121166.
Klein, G., and M. G. Sobol. 1996. “Bias in Computer-Assisted Surveys.” IEEE Transactions on Systems, Man, and Cybernetics - Part A: Systems and Humans 26 (5): 566–571. doi:10.1109/3468.531904.
Kwon, Ki-Jeong, Choong-Bum Park, and Hoon Choi. 2008. “A Proxy-Based Approach for Mobility Support in the DDS System.” In 2008 6th IEEE International Conference on Industrial Informatics, 1200–1205. doi:10.1109/INDIN.2008.4618285.
Li, W. D., W. F. Lu, J. Y. H. Fuh, and Y. S. Wong. 2005. “Collaborative Computer-Aided Design—research and Development Status.” Computer-Aided Design, CAD’ 04 Special Issue: Product Design, Integration and Manufacturing, 37 (9): 931–40. doi:10.1016/j.cad.2004.09.020.
Liu, Xiao, Dong Yuan, and Gaofeng Zhang. 2012. The Design of Cloud Workflow Systems. SpringerBriefs in Computer Science. Dordrecht: Springer.
Luo, Qiong, Jeffrey F. Naughton, Rajasekar Krishnamurthy, Pei Cao, and Yunrui Li. 2000. “Active Query Caching for Database Web Servers.” In The World Wide Web and Databases, 92–104. Springer. http://link.springer.com/chapter/10.1007/3-540-45271-0_6.
Lv, Qin, Pei Cao, Edith Cohen, Kai Li, and Scott Shenker. 2002. “Search and Replication in Unstructured Peer-to-Peer Networks.” In Proceedings of the 16th International Conference on Supercomputing, 84–95. ICS ’02. New York, NY, USA: ACM. doi:10.1145/514191.514206.
Mahanti, Anirban, Derek Eager, and Carey Williamson. 2000. “Temporal Locality and Its Impact on Web Proxy Cache Performance.” Performance Evaluation 42 (2): 187–203.
McKinley, P. K., U. I. Padmanabhan, N. Ancha, and S. M. Sadjadi. 2003. “Composable Proxy Services to Support Collaboration on the Mobile Internet.” IEEE Transactions on Computers 52 (6): 713–26. doi:10.1109/TC.2003.1204828.
Nelson, B. J. 1981. “Remote Procedure Call.” CERN Document Server. http://cds.cern.ch/record/132187.
Nichols, Jeffrey, Zhigang Hua, and John Barton. 2008. “Highlight: A System for Creating and Deploying Mobile Web Applications.” In Proceedings of the 21st Annual ACM Symposium on User Interface Software and Technology, 249–258. UIST ’08. New York, NY, USA: ACM. doi:10.1145/1449715.1449757.
Northcutt, Stephen, Karen Frederick, Scott Winters, Lenny Zeltser, and Ronald W. Ritc. 2005. Inside Network Perimeter Security. Sams. http://gen.lib.rus.ec/book/index.php?md5=9E3EE8F77841184A595AD21CBF54CFDF.
Parikh, Tapan S., and Edward D. Lazowska. 2006. “Designing an Architecture for Delivering Mobile Information Services to the Rural Developing World.” In Proceedings of the 15th International Conference on World Wide Web, 791–800. WWW ’06. New York, NY, USA: ACM. doi:10.1145/1135777.1135897.
Pasley, James. 2005. “How BPEL and SOA Are Changing Web Services Development.” IEEE Internet Computing 9 (3): 60–67. doi:http://dx.doi.org.proxy.lib.odu.edu/10.1109/MIC.2005.56.
Pautasso, Cesare. 2009. “RESTful Web Service Composition with BPEL for REST.” Data & Knowledge Engineering 68 (9): 851–866.
Pelusi, L., A. Passarella, and M. Conti. 2006. “Opportunistic Networking: Data Forwarding in Disconnected Mobile Ad Hoc Networks.” IEEE Communications Magazine 44 (11): 134–41. doi:10.1109/MCOM.2006.248176.
Philippsen, Michael, and Matthias Zenger. 1997. “JavaParty - Transparent Remote Objects in Java.” Concurrency Practice and Experience 9 (11): 1225–1242.
Pratikakis, Polyvios, Jaime Spacco, and Michael Hicks. 2004. “Transparent Proxies for Java Futures.” In Proceedings of the 19th Annual ACM SIGPLAN Conference on Object-Oriented Programming, Systems, Languages, and Applications, 206–223. OOPSLA ’04. New York, NY, USA: ACM. doi:10.1145/1028976.1028994.
Rabinovich, Michael, and Oliver Spatscheck. 2001a. “Transparent Proxy Deployment.” In Web Caching and Replication. Addison-Wesley Professional. http://proquest.safaribooksonline.com.proxy.lib.odu.edu/book/web-development/caching/0201615703/proxy-deployment/ch08lev1sec3.
———. 2001b. Web Caching and Replication. Addison-Wesley Professional. http://proquest.safaribooksonline.com.proxy.lib.odu.edu/0201615703.
Redesigning a Questionnaire for Computer Assisted Data Collect - cp940020.pdf. 2016. Accessed March 8. http://www.bls.gov/ore/pdf/cp940020.pdf.
Rizzo, Luigi, and Lorenzo Vicisano. 2000. “Replacement Policies for a Proxy Cache.” IEEE/ACM Transactions on Networking (ToN) 8 (2): 158–170.
Rubinsztejn, Hana Karina Salles, Markus Endler, and Noemi de La Rocque Rodriguez. 2005. A Framework for Building Customized Adaptation Proxies for Mobile Computing. Citeseer. http://citeseerx.ist.psu.edu/viewdoc/download?doi=10.1.1.498.9713&rep=rep1&type=pdf.
Rubinsztejn, Hana KS, Markus Endler, and Noemi Rodriguez. 2005. “A Framework for Building Customized Adaptation Proxies.” In Intelligence in Communication Systems, 1–11. Springer. http://link.springer.com/chapter/10.1007/0-387-32015-6_1.
Ryan, Caspar, and Christopher Westhorpe. 2004. “Application Adaptation through Transparent and Portable Object Mobility in Java.” In On the Move to Meaningful Internet Systems 2004: CoopIS, DOA, and ODBASE, 1262–1284. Springer. http://link.springer.com/chapter/10.1007/978-3-540-30469-2_29.
Sathyan, Jithesh, and Mohammed Rijas. 2009. “Job Management in Mobile Grid Computing.” In Proceedings of the 7th International Conference on Advances in Mobile Computing and Multimedia, 422–426. MoMM ’09. New York, NY, USA: ACM. doi:10.1145/1821748.1821829.
Shapiro, Marc. 1986. “Structure and Encapsulation in Distributed Systems: The Proxy Principle.” In , 198--204. https://hal.inria.fr/inria-00444651/document.
Shim, Junho, Peter Scheuermann, and Radek Vingralek. 1999a. “Proxy Cache Algorithms: Design, Implementation, and Performance.” Knowledge and Data Engineering, IEEE Transactions on 11 (4): 549–562.
———. 1999b. “Proxy Cache Algorithms: Design, Implementation, and Performance.” IEEE Transactions on Knowledge and Data Engineering 11 (4): 549–562.
Srirama, Satish Narayana, Matthias Jarke, and Wolfgang Prinz. 2006. “Mobile Web Service Provisioning.” In Null, 120. IEEE. http://www.computer.org/csdl/proceedings/aict-iciw/2006/2522/00/25220120-abs.html.
S.Wagh, Kishor, and R. C. Thool. 2013. “Web Service Provisioning on Android Mobile Host.” International Journal of Computer Applications 81 (14): 5–11. doi:10.5120/14182-2338.
Takdir, and A. I. Kistijantoro. 2014. “Multi-Layer SOA Implementation Pattern with Service and Data Proxies for Distributed Data-Intensive Application System.” In 2014 International Conference on ICT For Smart Society (ICISS), 37–41. doi:10.1109/ICTSS.2014.7013149.
Tatsubori, Michiaki, Toshiyuki Sasaki, Shigeru Chiba, and Kozo Itano. 2001. “A Bytecode Translator for Distributed Execution of ‘Legacy’ Java Software.” In Proceedings of the 15th European Conference on Object-Oriented Programming, 236–255. ECOOP ’01. London, UK, UK: Springer-Verlag. http://dl.acm.org/citation.cfm?id=646158.680014.
Tergujeff, R., J. Haajanen, J. Leppanen, and S. Toivonen. 2007. “Mobile SOA: Service Orientation on Lightweight Mobile Devices.” In IEEE International Conference on Web Services, 2007. ICWS 2007, 1224–1225. doi:10.1109/ICWS.2007.121.
Terry, Douglas B., and Venugopalan Ramasubramanian. 2003. “Caching XML Web Services for Mobility.” ACM Queue 1 (1): 70–78.
Terry, Douglas B., Marvin M. Theimer, Karin Petersen, Alan J. Demers, Mike J. Spreitzer, and Carl H. Hauser. 1995. Managing Update Conflicts in Bayou, a Weakly Connected Replicated Storage System. Vol. 29. 5. ACM. http://dl.acm.org/citation.cfm?id=224070.
Tilevich, Eli, and Yannis Smaragdakis. 2002. “J-Orchestra: Automatic Java Application Partitioning.” In Proceedings of the 16th European Conference on Object-Oriented Programming, 178–204. ECOOP ’02. London, UK, UK: Springer-Verlag. http://dl.acm.org/citation.cfm?id=646159.680022.
“Types of Proxy Servers, Transparent and Anonymous Proxies.” 2016. WebToolHub. Accessed May 8. http://info.webtoolhub.com/kb-a14-types-of-proxy-servers-transparent-and-anonymous-proxies.aspx.
V, John. 2016. “Forward Proxy vs Reverse Proxy.” Accessed June 12. http://www.jscape.com/blog/bid/87783/Forward-Proxy-vs-Reverse-Proxy.
Wang, Dazhi, and Junyi Xie. 2001. “An Approach toward Web Caching and Prefetching for Database Management System.” SIGMOD. Citeseer. http://citeseerx.ist.psu.edu/viewdoc/download?doi=10.1.1.202.7932&rep=rep1&type=pdf.
Wang, Yajin, Meina Song, and Junde Song. 2010. “An Extended Distributed OSGi Architecture for Implementation of SOA.” In 2010 International Conference on Advanced Intelligence and Awarenss Internet (AIAI 2010), 416–19. doi:10.1049/cp.2010.0801.
Weatherspoon, Hakim, and John Kubiatowicz. 2002. “Erasure Coding Vs. Replication: A Quantitative Comparison.” In Revised Papers from the First International Workshop on Peer-to-Peer Systems, 328–338. IPTPS ’01. London, UK, UK: Springer-Verlag. http://dl.acm.org/citation.cfm?id=646334.687814.
Weerawarana, Sanjiva, Francisco Curbera, Frank Leymann, Tony Storey, and Donald F. Ferguson. 2005. Web Services Platform Architecture: SOAP, WSDL, WS-Policy, WS-Addressing, WS-BPEL, WS-Reliable Messaging and More. Prentice Hall PTR. http://dl.acm.org/citation.cfm?id=1051879.
White, Jolyon, Guillaume Jourjon, Thierry Rakatoarivelo, and Maximilian Ott. 2010. “Measurement Architectures for Network Experiments with Disconnected Mobile Nodes.” In International Conference on Testbeds and Research Infrastructures, 315–330. Springer. http://link.springer.com/chapter/10.1007/978-3-642-17851-1_26.
Wieland, Matthias, Katharina Gorlach, David Schumm, and Frank Leymann. 2009. “Towards Reference Passing in Web Service and Workflow-Based Applications.” In Enterprise Distributed Object Computing Conference, 2009. EDOC’09. IEEE International, 109–118. IEEE. http://ieeexplore.ieee.org/xpls/abs_all.jsp?arnumber=5277706.
Wilson, M. Jeff. 2000. “Get Smart with Proxies and RMI.” JavaWorld. November 10. http://www.javaworld.com/article/2076234/soa/get-smart-with-proxies-and-rmi.html.
Wright, Kevin B. 2005. “Researching Internet-Based Populations: Advantages and Disadvantages of Online Survey Research, Online Questionnaire Authoring Software Packages, and Web Survey Services.” Journal of Computer-Mediated Communication 10 (3): 00–00. doi:10.1111/j.1083-6101.2005.tb00259.x.
Yao, Bin, and W. K. Fuchs. 2000. “Proxy-Based Recovery for Applications on Wireless Hand-Held Devices.” In Proceedings The 19th IEEE Symposium on Reliable Distributed Systems, 2000. SRDS-2000, 2–10. doi:10.1109/RELDI.2000.885387.
Yasuda, K. 2002. “Cache Cooperation for Clustered Disconnected Computers.” In Ninth International Conference on Parallel and Distributed Systems, 2002. Proceedings, 457–64. doi:10.1109/ICPADS.2002.1183439.
Zegura, Ellen W., Mostafa H. Ammar, Zongming Fei, and Samrat Bhattacharjee. 2000. “Application-Layer Anycasting: A Server Selection Architecture and Use in a Replicated Web Service.” IEEE/ACM Transactions on Networking 8 (4): 455–466.
Zhang, Xin Ming, Yue Zhang, Fan Yan, and Athanasios V. Vasilakos. 2015. “Interference-Based Topology Control Algorithm for Delay-Constrained Mobile Ad Hoc Networks.” IEEE Transactions on Mobile Computing 14 (4): 742–754.
Zottl, Joachim, Günter Haring, and Gabriele Kotsis. 2008. “A Three-Tier Information Management Architecture for Mobile Grid Environments.” In Proceedings of the 6th International Conference on Advances in Mobile Computing and Multimedia, 243–247. MoMM ’08. New York, NY, USA: ACM. doi:10.1145/1497185.1497236.

